<record><leader>00000cas a22000007a 4500</leader><controlfield tag="001">13770888</controlfield><controlfield tag="008">860624d19001948wiuwr ne      0    0eng d</controlfield><datafield ind1=" " ind2=" " tag="010"><subfield code="a">sn 86086499 </subfield></datafield><datafield ind1=" " ind2=" " tag="040"><subfield code="a">NPV</subfield><subfield code="b">eng</subfield><subfield code="c">NPV</subfield><subfield code="d">OCLCQ</subfield></datafield><datafield ind1=" " ind2=" " tag="042"><subfield code="a">msc</subfield></datafield><datafield ind1=" " ind2=" " tag="045"><subfield code="a">x0x4</subfield></datafield><datafield ind1=" " ind2=" " tag="052"><subfield code="a">4123</subfield><subfield code="b">M6</subfield></datafield><datafield ind1="0" ind2="0" tag="245"><subfield code="a">Wauwatosa news.</subfield></datafield><datafield ind1=" " ind2=" " tag="260"><subfield code="a">Wauwatosa, Wis. :</subfield><subfield code="b">Wauwatosa Printing,</subfield><subfield code="c">-1948.</subfield></datafield><datafield ind1=" " ind2=" " tag="300"><subfield code="a">v. :</subfield><subfield code="b">ill.</subfield></datafield><datafield ind1=" " ind2=" " tag="310"><subfield code="a">Weekly</subfield></datafield><datafield ind1="0" ind2=" " tag="362"><subfield code="a">-fiftieth year, no. 10 (Apr. 1, 1948).</subfield></datafield><datafield ind1="1" ind2=" " tag="362"><subfield code="a">Began in Mar., 1899.</subfield><subfield code="z">Cf. Oehlerts, d. E. Guide to Wis. newspapers.</subfield></datafield><datafield ind1=" " ind2=" " tag="500"><subfield code="a">Publisher varies.</subfield></datafield><datafield ind1=" " ind2=" " tag="500"><subfield code="a">Editors: J.R. Benoy, Sept. 7, 1907-March 25, 1921; C.L. Benoy, April 1, 1921-Oct. 18, 1923, May 11, 1939-Sept. 19, 1940; D.G. Rowe, Sept. 26, 1940-March 20, 1941; C.L. Benoy, Aug. 7, 1941-July 29, 1943; N.E. Perry, Feb. 3-Nov. 23, 1944; L. Perry, Nov. 30, 1944-Sept. 19, 1946.</subfield></datafield><datafield ind1=" " ind2=" " tag="530"><subfield code="a">Available on microfilm from The State Historical Society of Wisconsin.</subfield></datafield><datafield ind1=" " ind2=" " tag="588"><subfield code="a">Description based on: Vol. 2, no. 3 (Mar. 24, 1900).</subfield></datafield><datafield ind1=" " ind2=" " tag="752"><subfield code="a">United States</subfield><subfield code="b">Wisconsin</subfield><subfield code="c">Milwaukee</subfield><subfield code="d">Wauwatosa.</subfield></datafield><datafield ind1="0" ind2="7" tag="785"><subfield code="t">Wauwatosa times</subfield><subfield code="w">(DLC)sn 85040778</subfield></datafield><datafield ind1="0" ind2="7" tag="785"><subfield code="t">Wauwatosa news-times</subfield><subfield code="w">(DLC)sn 86086500</subfield></datafield><datafield ind1="1" ind2=" " tag="029"><subfield code="a">AU@</subfield><subfield code="b">000023482787</subfield></datafield></record>